<record><leader>00000cas a22000007a 4500</leader><controlfield tag="001">19018482</controlfield><controlfield tag="008">890113d18711872paudn ne      0    0eng d</controlfield><datafield ind1=" " ind2=" " tag="010"><subfield code="a">sn 89077012 </subfield></datafield><datafield ind1=" " ind2=" " tag="040"><subfield code="a">NPH</subfield><subfield code="b">eng</subfield><subfield code="c">NPH</subfield><subfield code="d">OCLCQ</subfield></datafield><datafield ind1=" " ind2=" " tag="042"><subfield code="a">msc</subfield></datafield><datafield ind1="0" ind2=" " tag="130"><subfield code="a">Erie daily dispatch (Erie, Pa. : 1871)</subfield></datafield><datafield ind1="1" ind2="4" tag="245"><subfield code="a">The Erie daily dispatch.</subfield></datafield><datafield ind1="1" ind2="3" tag="246"><subfield code="a">Morning dispatch</subfield></datafield><datafield ind1=" " ind2=" " tag="260"><subfield code="a">Erie [Pa. :</subfield><subfield code="b">s.n.],</subfield><subfield code="c">1871-1872.</subfield></datafield><datafield ind1=" " ind2=" " tag="300"><subfield code="a">v. ;</subfield><subfield code="c">64 cm.</subfield></datafield><datafield ind1=" " ind2=" " tag="310"><subfield code="a">Daily (except Sun.)</subfield></datafield><datafield ind1="0" ind2=" " tag="362"><subfield code="a">Sept. 13, 1871-Sept. 21, 1872.</subfield></datafield><datafield ind1=" " ind2=" " tag="752"><subfield code="a">United States</subfield><subfield code="b">Pennsylvania</subfield><subfield code="c">Erie</subfield><subfield code="d">Erie.</subfield></datafield><datafield ind1="0" ind2=" " tag="775"><subfield code="t">Erie weekly dispatch</subfield><subfield code="w">(DLC)sn 83032028</subfield></datafield><datafield ind1="0" ind2="0" tag="780"><subfield code="t">Erie dispatch (Erie, Pa. : 1869)</subfield><subfield code="w">(DLC)sn 89077013</subfield></datafield><datafield ind1="0" ind2="0" tag="785"><subfield code="t">Erie morning dispatch</subfield><subfield code="w">(DLC)sn 83032029</subfield></datafield></record>